@article{gao2019res2net,
  title     = {Res2net: A new multi-scale backbone architecture},
  author    = {Gao, Shang-Hua and Cheng, Ming-Ming and Zhao, Kai and Zhang, Xin-Yu and Yang, Ming-Hsuan and Torr, Philip},
  journal   = {IEEE transactions on pattern analysis and machine intelligence},
  volume    = {43},
  number    = {2},
  pages     = {652--662},
  year      = {2019},
  publisher = {IEEE}
}
@inproceedings{tan2020efficientdet,
  title     = {Efficientdet: Scalable and efficient object detection},
  author    = {Tan, Mingxing and Pang, Ruoming and Le, Quoc V},
  booktitle = {Proceedings of the IEEE/CVF conference on computer vision and pattern recognition},
  pages     = {10781--10790},
  year      = {2020}
}
@article{wang2018additive,
  title     = {Additive margin softmax for face verification},
  author    = {Wang, Feng and Cheng, Jian and Liu, Weiyang and Liu, Haijun},
  journal   = {IEEE Signal Processing Letters},
  volume    = {25},
  number    = {7},
  pages     = {926--930},
  year      = {2018},
  publisher = {IEEE}
}
@inproceedings{lee2021network,
  title     = {Network quantization with element-wise gradient scaling},
  author    = {Lee, Junghyup and Kim, Dohyung and Ham, Bumsub},
  booktitle = {Proceedings of the IEEE/CVF Conference on Computer Vision and Pattern Recognition},
  pages     = {6448--6457},
  year      = {2021}
}
@article{han2021transformer,
  title   = {Transformer in transformer},
  author  = {Han, Kai and Xiao, An and Wu, Enhua and Guo, Jianyuan and Xu, Chunjing and Wang, Yunhe},
  journal = {Advances in Neural Information Processing Systems},
  volume  = {34},
  year    = {2021}
}
@inproceedings{deeplearninginchina,
  title     = {深度学习的昨天、今天和明天},
  author    = {余凯 and 贾磊 and 陈雨强 and 徐伟},
  booktitle = {计算机研究与发展},
  pages     = {6},
  year      = {2013}
}
@inproceedings{han2020ghostnet,
  title     = {Ghostnet: More features from cheap operations},
  author    = {Han, Kai and Wang, Yunhe and Tian, Qi and Guo, Jianyuan and Xu, Chunjing and Xu, Chang},
  booktitle = {Proceedings of the IEEE/CVF Conference on Computer Vision and Pattern Recognition},
  pages     = {1580--1589},
  year      = {2020}
}